% Encoding: UTF-8
@Electronic{cegedim-ca,
  Title                    = {Chiffre d'affaires (CA) et bilan CEGEDIM CGM Euronext Paris},
  %Author                  = {{}},
  Organization             = {Boursorama},
  Url                      = {https://www.boursorama.com/cours/1rPCGM/},
  %Year                     = {2021},
}

@Article{ged,
  Title                    = {Gestion électronique de documents},
  Author                   = {CHAUMIER, Jacques},
  Journal                  = {CACALY, Serge et al. Dictionnaire
encyclopédique de l’information et de la documentation},
  Year                     = {2001},
  Pages                    = {250-252},
  Volume                   = {Nouvelle édition. Paris : Nathan},
}
@Electronic{origine_gl1,
  Title                    = {LOGICIELS},
  Author                   = {Jacques PRINTZ},
  Organization             = {Encyclopædia Universalis [en ligne]},
  Url                      = {https://www.universalis.fr/encyclopedie/logiciels/},
  note                     = {consulté le 26 septembre 2021}
}
@book{origine_gl2,
   title =     {Fundamentals of Software Engineering},
   author =    {Carlo Ghezzi, Mehdi Jazayeri, Dino Mandrioli},
   publisher = {Pearson, Prentice Hall},
   isbn =      {0133056996 , 8120322428},
   year =      {2003},
   pages =     {1-5},
   edition =   {2},
   volume =    {},
}
@Electronic{origine_gl3,
  Title                    = {La Lettre d’ADELI n°76 – Été 2009},
  Author                   = {Jean-Claude Rault},
  Organization             = {ADELI [en ligne]},
  Url                      = {https://espaces-numeriques.org/wp-content/uploads/2019/01/l76p08.pdf},
  note                     = {consulté le 26 septembre 2021}
}
@Electronic{organize_agile,
  Title                    = {Half of companies applying Agile methodologies \& practices},
  Author                   = {Consultancy.eu},
  Organization             = {Organize Agile, Consultancy.eu analysis},
  Url                      = {https://www.consultancy.eu/news/4153/half-of-companies-applying-agile-methodologies-practices},
  note                     = {consulté le 26 septembre 2021}
}
@book{agile1,
   title =     {Gestion de projet - Vers les méthodes agiles},
   author =    {Véronique MESSAGER ROTA},
   publisher = {Eyrolles},
   isbn =      {978-2-212-12165-0},
   year =      {2008},
   volume =    {},
}
@book{badr_20112,
   title =     {Processus du développement logiciel : Paradigmes \& Perspectives},
   author =    {Badr TALAGHZI},
   publisher = {Editions universitaires européennes},
   isbn =   {9783639543124, 978-3639543124},
   year =      {2016},
   collection = {Omn.univ.europ.}
}
@InCollection{badr_2011,
  author                   = {Badr TALAGHZI},
  title                    = {Processus du développement logiciel - Paradigmes \& Perspectives},
  booktitle                = {Omn.univ.europ.},
  year                     = {2016},
  publisher = {Editions universitaires européennes},
  isbn =   {9783639543124, 978-3639543124}
}

@PhdThesis{Gerbaud2010,
  author                   = {Gerbaud, A.},
  title                    = {Modélisation de réseaux d'interaction par des graphes aléatoires},
  institution              = {Université Bordeaux I},
  year                     = {2010},
  type                     = {PhD Thesis},
  url                      = {http://www.theses.fr/s123781},
  address                  = {Grenoble, FR},
  school                   = {Université de Grenoble},
  hal                      = {tel-00460708},
}


@InCollection{Labatut2012a,
  author                   = {Labatut, V. and Balasque, J.-M.},
  title                    = {Detection and Interpretation of Communities in Complex Networks: Methods and Practical Application},
  booktitle                = {Computational Social Networks: Tools, Perspectives and Applications},
  publisher                = {Springer},
  year                     = {2012},
  editor                   = {Abraham, A. and Hassanien, A.-E.},
  chapter                  = {4},
  pages                    = {81-113},
  doi                      = {10.1007/978-1-4471-4048-1_4},
  hal                      = {hal-00633653},
}

@InBook{Mainzer2007a,
  author                   = {Mainzer, K.},
  title                    = {Complex Systems and the Evolution of Computability},
  booktitle                = {Thinking in Complexity: The Computional Dynamics of Matter, Mind and Mankind},
  chapter                  = {5},
  year                     = {2007},
  pages                    = {179-226},
  doi                      = {10.1007/978-3-540-72228-1_5},
}

@InProceedings{Mauttone2008,
  author                   = {Mauttone, A. and Labbé, M. and Figueiredo, R.},
  title                    = {A Tabu Search approach to solve a network design problem with user-optimal flows},
  booktitle                = {VALIO/EURO Conference on Combinatorial Optimization},
  year                     = {2008},
  pages                    = {1-6},
  url                      = {https://hal.archives-ouvertes.fr/hal-01882382/},
  address                  = {Buenos Aires, AR},
  hal                      = {hal-01882382},
}


@TechReport{Paraskevopoulos2013,
  author                   = {Paraskevopoulos, D. C. and Bektas, T. and Crainic, T. Gabriel and Potts, C. N.},
  title                    = {A Cycle-Based Evolutionary Algorithm for the Fixed-Charge Capacitated Multi-Commodity Network Design Problem},
  institution              = {Centre interuniversitaire de recherche sur les réseaux d'entreprise, la logistique et le transport},
  year                     = {2013},
  pages                    = {1-31},
  url                      = {https://www.cirrelt.ca/DocumentsTravail/CIRRELT-2013-08.pdf},
  address                  = {Montréal},
}

@Electronic{LaTeXProject2010,
  Title                    = {\LaTeX{} – A document preparation system},
  Author                   = {{LaTeX Project}},
  Organization             = {{LaTeX Project}},
  Url                      = {http://www.latex-project.org/},
  Year                     = {2010},
}

@InBook{Reichardt2009a,
  author                   = {Reichardt, J.},
  title                    = {Modularity of Dense Random Graphs},
  booktitle                = {Structure in Complex Networks},
  year                     = {2009},
  volume                   = {766},
  series                   = {Lecture Notes in Physics},
  chapter                  = {5},
  pages                    = {69-86},
  doi                      = {10.1007/978-3-540-87833-9_5},
}

@TechReport{Rosvall2009a,
  author                   = {Rosvall, M. and Bergstrom, C. T.},
  title                    = {Fast stochastic and recursive search algorithm},
  institution              = {Department of Physics, Umeå University},
  year                     = {2009},
  url                      = {http://www.tp.umu.se/~rosvall/algorithm.pdf},
  address                  = {Umeå, SE},
}

@Electronic{Texmaker2011,
  Title                    = {Manuel de l'utilisateur},
  Author                   = {{Texmaker}},
  Organization             = {Texmaker},
  Url                      = {http://www.xm1math.net/texmaker/doc_fr.html},
  Year                     = {2011},
}

@InProceedings{Wei1989,
  Title                    = {Towards efficient hierarchical designs by ratio cut partitioning},
  Author                   = {Wei, Y.-C. and Cheng, C.-K.},
  Booktitle                = {IEEE International Conference on Computer Aided Design},
  Year                     = {1989},
  Pages                    = {298-301},
  Doi                      = {10.1109/ICCAD.1989.76957},
}


@Book{agile4,
  author                   = {L’equipe produit CMMI},
  title                    = {CMMI® pour le développement, Version 1.3 - Amélioration des processus pour le développement de meilleurs produits et services},
  year                     = {2011},
  url                      = {https://resources.sei.cmu.edu/asset_files/WhitePaper/2010_019_001_28803.pdf},
  
}


@Article{Wong1980,
  Title                    = {Worst-Case Analysis of Network Design Problem Heuristics},
  Author                   = {Wong, R. T.},
  Journal                  = {SIAM Journal on Algebraic Discrete Methods},
  Year                     = {1980},
  Number                   = {1},
  Pages                    = {51-63},
  Volume                   = {1},
  Doi                      = {10.1137/0601008},
}

@Collection{Pastor-Satorras2003a,
  editor                   = {Pastor-Satorras, R. and Rubi, M. and Diaz-Guilera, A.},
  title                    = {Statistical Mechanics of Complex Networks},
  year                     = {2003},
  volume                   = {625},
  series                   = {Lecture Notes in Physics},
  publisher                = {Springer},
  doi                      = {10.1007/b12331},
}

@Collection{Brandes2005,
  editor                   = {Brandes, U. and Erlebach, T.},
  title                    = {Network Analysis: Methodological Foundations},
  year                     = {2005},
  volume                   = {3418},
  series                   = {Lecture Notes in Computer Science},
  publisher                = {Springer},
  doi                      = {10.1007/b106453},
}


@Comment{jabref-meta: databaseType:biblatex;}

@Comment{jabref-meta: saveOrderConfig:specified;author;false;year;false;key;false;}
